%
% August 20, 2011
%
% Bibtex bibliographic data base using the canonical set given in the
%   ASCE web document "Instructions For Preparation Of Electronic Manuscripts"
% For use with the ascelike.bst bibliographic style file.
%
% A few 'fine points' about bibtex data bases:
%   1) Entries that are NOT enclosed in quotations marks ("" "") 
%      must contain data.  For example, the NUMBER entry.  If you don't
%      know the NUMBER, don't leave it blank.  Just remove the entire 
%      NUMBER line.
%   2) Bibtex will suppress capital letters within the TITLE of an article
%      (except for the first word of the title).  To force capitalization, 
%      enclose the capitalized letter(s) in curly braces, such as {ASCE}
%      of {SI}.
%   3) Although unusual, if the reference has no author, you will need to
%      be somewhat creative to produce ASCE-like output.  This usually occurs
%      when the "non-author" is an organization instead of a person, but
%      it also applies to newspaper articles.  Try the following:
%        a) if the non-author is a a single word or abreviation ("ASTM" or
%           "Newsweek"), try formatting as a book, incollection, or article,
%           placing the non-author in the AUTHOR field.
%        b) if the non-author is multiple word (Federal Highway 
%           Administration), you will need to be creative, since bibtex
%           will confuse the non-author as a person with first, middle, and
%           last names (for example, Federal, H. A.).  Try using the MANUAL
%           format as shown in FHWA:1991a, FR:1968a, and ICBO:1988a
%
%
@ARTICLE{Bailly:2010,
    AUTHOR       = "Bailly, J. and Coarer, Y. L. and Languille, P. and Stigermark, C. and Allouis, T.",
    TITLE        = "Geostatistical estimations of bathymetric LiDAR errors on rivers",
    JOURNAL      = "Earth Surface Processes and Landforms",
    YEAR         = 2010,
    VOLUME       = 35,
    NUMBER       = 10,
    PAGES        = "1199--1210",
    NOTE         = "doi:10.1002/esp.1991",
    }
%
@BOOK{Burrough:2015,
    AUTHOR       = "Burrough, P. A. and McDonnell, R.",
    EDITOR       = "",
    TITLE        = "Principles of geographical information systems",
    PUBLISHER    = "Oxford University Press",
    ADDRESS      = "",
    YEAR         = 2015,
    EDITION      = "3rd",
    NOTE         = "",
    }
%
@ARTICLE{Czuba:2007,
    AUTHOR       = "Czuba,J.A. and Oberg, K.A.",
    TITLE        = "Validation of Exposure Time for Discharge Measurements made with Two Bottom-Tracking Acoustic Doppler Current Profilers",
    JOURNAL      = "Proceedings of the IEEE Working Conference on Current Measurement Technology",
    YEAR         = 2007,
    PAGES        = "250-257",
    NOTE         = "Charleston, SC, 17-19 March,2008",
    }
%
@BOOK{Efron:1993,
    AUTHOR       = "Efron, B. and Tibshirani, R.J. ",
    EDITOR       = "",
    TITLE        = "An Introduction to the Bootstrap",
    PUBLISHER    = "Chapman and Hall",
    ADDRESS      = "New York",
    YEAR         = 1993,
    EDITION      = "",
    NOTE         = "",
    }
%
@MISC{ESRI:2017,
  author = {ESRI},
  title = {Aerial Maps and Photographs},
  year = {2017},
  month = {March 28, 2017},
}
%
@ARTICLE{Kratzer:2006,
    AUTHOR       = "Kratzer, J. F. and Hayes, D. B. and Thompson, B. E. ",
    TITLE        = "Methods for interpolating stream width, depth, and current velocity",
    JOURNAL      = "Ecological Modeling",
    YEAR         = 2006,
    VOLUME       = 196,
    NUMBER       = "(1-2)",
    PAGES        = "256--264",
    NOTE         = "doi:10.1016/j.ecolmodel.2006.02.004",
    }
%
@ARTICLE{Glenn:2016,
    AUTHOR       = "Glenn, J. and Tonina, D. and Morehead, M. D. and Fiedler, F. and Benjankar, R.",
    TITLE        = "Effect of transect location, transect spacing and interpolation methods on river bathymetry accuracy",
    JOURNAL      = "Earth Surface Processes and Landforms",
    YEAR         = 2016,
    VOLUME       = 41,
    NUMBER       = 9,
    PAGES        = "1185--1198",
    NOTE         = "doi:10.1002/esp.3891",
    }
%
@ARTICLE{Gonzalez-Castro:2002,
    AUTHOR       = "Gonzalez-Castro, J. A. and Ansar, M. and Kellman, O.",
    TITLE        = "Comparison of Discharge Estimates from ADCP Transect Data with Estimates from Fixed ADCP Mean Velocity Data",
    JOURNAL      = "Hydraulic Measurements and Experimental Methods",
    YEAR         = 2002,
    NOTE         = "doi:10.1061/40655(2002)15",
    }
%
@ARTICLE{Guerrero:2011,
    AUTHOR       = "Guerrero, M. and Lamberti, A. ",
    TITLE        = "Flow Field and Morphology Mapping Using ADCP and Multibeam Techniques: Survey in the Po River",
    JOURNAL      = "Journal of Hydraulic Engineering",
    YEAR         = 2011,
    VOLUME       = 137,
    NUMBER       = 12,
    PAGES        = "1576--1587",
    NOTE         = "doi:10.1061/(asce)hy.1943-7900.0000464",
    }
%
@BOOK{Herschy:2009,
    AUTHOR       = "Herschy, R.W.",
    EDITOR       = "",
    TITLE        = "Streamflow Measurement",
    PUBLISHER    = "Routledge",
    ADDRESS      = "London",
    YEAR         = 2009,
    EDITION      = "",
    NOTE         = "",
    }
%
@ARTICLE{Hilldale:2008,
    AUTHOR       = "Hilldale, R. C. and Raff, D. ",
    TITLE        = "Assessing the ability of airborne LiDAR to map river bathymetry",
    JOURNAL      = "Earth Surface Processes and Landforms",
    YEAR         = 2008,
    VOLUME       = 33,
    NUMBER       = 5,
    PAGES        = "773--783",
    NOTE         = "doi:10.1002/esp.1575",
    }
%
@ARTICLE{Jamieson:2011,
    AUTHOR       = "Jamieson, E. C. and Rennie, C.D. and Jacobson, R. B. and Townsend, R. D.",
    TITLE        = "3-D flow and scour near a submerged wing dike: ADCP measurements on the Missouri River",
    JOURNAL      = "Water Resources Research",
    YEAR         = 2011,
    VOLUME       = 47,
    NOTE         = "doi:10.1029/2010WR010043",
    }
%
@ARTICLE{Legleiter:2008,
    AUTHOR       = "Legleiter, C. J. and Kyriakidis, P. C. ",
    TITLE        = "Spatial prediction of river channel topography by kriging",
    JOURNAL      = "Earth Surface Processes and Landforms",
    YEAR         = 2008,
    VOLUME       = 33,
    NUMBER       = 6,
    PAGES        = "841--867",
    NOTE         = "doi:10.1002/esp.1579",
    }
%
@BOOK{Mueller:2013,
    AUTHOR       = "Mueller, D.S. and Wagner, C.R. and Rehmel, M.S. and Oberg, K.A. and Rainville, F.",
    EDITOR       = "",
    TITLE        = "U.S. Geological Survey Techniques and Methods",
    YEAR         = 2013,
    EDITION      = "",
    NOTE         = "http://dx.doi.org/10.3133/tm3A22",
    }
%
@ARTICLE{Muste:2004a,
    AUTHOR       = "\Muste{a}Muste, M. and Yu, K. and Spasojevic, M. ",
    TITLE        = "Practical Aspects of ADCP Data Use for Quantification of Mean River Flow Characteristics: Part I: Moving-Vessel Measurements",
    JOURNAL      = "Flow Measurement and Instrumentation",
    YEAR         = {2004a},
    VOLUME       = 15,
    NUMBER       = 1,
    PAGES        = "1--16",
    NOTE         = "",
    }
%
@ARTICLE{Muste:2004b,
    AUTHOR       = "\Muste{b}Muste, M. and Yu, K. and Pratt, T. and Abraham, D. ",
    TITLE        = "Practical Aspects of ADCP Data Use for Quantification of Mean River Flow Characteristics: Part II: Fixed-Vessel Measurements",
    JOURNAL      = "Flow Measurement and Instrumentation",
    YEAR         = {2004b},
    VOLUME       = 15,
    NUMBER       = 1,
    PAGES        = "17--28",
    NOTE         = "",
    }
%
@ARTICLE{Oberg:2007,
    AUTHOR       = "Oberg, K. and Mueller, D. S. ",
    TITLE        = "Validation of Streamflow Measurements Made with Acoustic Doppler Current Profilers",
    JOURNAL      = "Journal of Hydraulic Engineering",
    YEAR         = 2007,
    VOLUME       = 133,
    NUMBER       = 12,
    PAGES        = "1421--1432",
    NOTE         = "doi:10.1061/(asce)07339429(2007)133:12(1421)",
    }
%
@ARTICLE{Parsons:2007,
    AUTHOR       = "Parsons, D. R., and Jackson, P. R., and Czuba, J. A., and Engel, F. L., and Rhoads, B. L., and Oberg, K. A., and Best, J. L., and Mueller, D. S., and Johnson, K. K., and Riley, J. D.",
    TITLE        = "Velocity Mapping Toolbox (VMT): a processing and visualization suite for moving-vessel ADCP measurements",
    JOURNAL      = "Earth Surface Processes and Landforms",
    YEAR         = 2013,
    VOLUME       = 38,
    PAGES        = "1244--1260",
    NOTE         = "doi:10.1002/esp.3367",
    }
% 
@PHDTHESIS{Peitrie:2013,
    AUTHOR       = "Peitrie, J.E.",
    TITLE        = "High Resolution Measurements of the Mean Three-dimensional Flow Field in a Natural River",
    SCHOOL       = "Virginia Polytechnic University",
    ADDRESS      = "Blacksburg, VA",
    YEAR         = 2013,
    }
%
@ARTICLE{Samuels:1990,
    AUTHOR       = "Samuels, P.G. ",
    TITLE        = "Cross Section Location in One-Dimensional Models",
    JOURNAL      = "International Conference on River Flood Hydraulics",
    YEAR         = 1990,
    NOTE         = "John Wiley and Sons: Chichester",
    }
%
@ARTICLE{Simpson:2001,
    AUTHOR       = "Simpson, M.R.",
    TITLE        = "Discharge Measurements Using a Broad-Band Acoustic Doppler Current Profiler",
    JOURNAL      = "U.S. Geological Survey Open-File Report",
    YEAR         = 2001,
    VOLUME       = 01,
    NUMBER       = 1,
    PAGES        = "123",
    }
%
@ARTICLE{Stone:2007,
    AUTHOR       = "Stone, M. C. and Hotchkiss, R. H.",
    TITLE        = "Evaluating velocity measurement techniques in shallow streams",
    JOURNAL      = "Journal of Hydraulic Research",
    YEAR         = 2007,
    VOLUME       = 45,
    NUMBER       = 6,
    PAGES        = "752--762",
   }
%
@ARTICLE{Szupiany:2007,
    AUTHOR       = "Szupiany, R. N. and Amsler, M. L. and Best, J. L. and Parsons, D. R.",
    TITLE        = "Comparison of Fixed- and Moving-Vessel Flow Measurements with an aDp in a Large River",
    JOURNAL      = "Journal of Hydraulic Engineering",
    YEAR         = 2007,
    VOLUME       = 133,
    NUMBER       = 12,
    PAGES        = "1299--1309",
    NOTE         = "doi:10.1061/(asce)0733-9429(2007)133:12(1299)",
    }
%
@ARTICLE{WaterCube:2015,
    AUTHOR       = "WaterCube, LLC",
    TITLE        = "CubeIt Professional Data Sheet",
    YEAR         = 2015,
    NOTE         = "http://www.watercubedata.com/media/data-sheets/Cubeit-Professional-Sheet.pdf",
    }
%

